<?xml version="1.0" encoding="UTF-8"?><collection xmlns="http://www.loc.gov/MARC21/slim"><record><leader>00467nam--2200157-i-4500</leader><controlfield tag="001">000017382</controlfield><controlfield tag="002">20161230</controlfield><controlfield tag="005">20161230201032</controlfield><controlfield tag="008">060222s1000------------r-----000-0-eng-d</controlfield><datafield ind1=" " ind2=" " tag="020"><subfield code="a">0-12-174</subfield></datafield><datafield ind1=" " ind2=" " tag="080"><subfield code="a">519.61:621.37</subfield></datafield><datafield ind1=" " ind2=" " tag="245"><subfield code="a">Wavelet analysis and its applications. wavelets: a tutorial in theory and applications</subfield></datafield><datafield ind1=" " ind2=" " tag="260"><subfield code="a">Boston, Academic Press, 1992. 729 P</subfield></datafield><datafield ind1=" " ind2=" " tag="490"><subfield code="a">Wavelet Analysis And Its Applications</subfield></datafield><datafield ind1=" " ind2=" " tag="700"><subfield code="a">Chui, Charles K</subfield></datafield><datafield ind1=" " ind2=" " tag="852"><subfield code="a">80566</subfield></datafield></record></collection>